<record><leader>00000cas a2200000 a 4500</leader><controlfield tag="001">12095182</controlfield><controlfield tag="008">850530d19011902ksuwr ne      0    0eng d</controlfield><datafield ind1=" " ind2=" " tag="010"><subfield code="a">sn 85029299 </subfield></datafield><datafield ind1=" " ind2=" " tag="040"><subfield code="a">KSH</subfield><subfield code="b">eng</subfield><subfield code="c">KSH</subfield><subfield code="d">NPT</subfield><subfield code="d">OCL</subfield><subfield code="d">OCLCQ</subfield></datafield><datafield ind1=" " ind2=" " tag="042"><subfield code="a">msc</subfield></datafield><datafield ind1="0" ind2=" " tag="130"><subfield code="a">Leavenworth standard (Leavenworth, Kan. : 1901)</subfield></datafield><datafield ind1="1" ind2="0" tag="245"><subfield code="a">Leavenworth standard.</subfield></datafield><datafield ind1=" " ind2=" " tag="260"><subfield code="a">Leavenworth, Kan. :</subfield><subfield code="b">F.C. Stier,</subfield><subfield code="c">-1902.</subfield></datafield><datafield ind1=" " ind2=" " tag="300"><subfield code="a">v. ;</subfield><subfield code="c">60 cm.</subfield></datafield><datafield ind1=" " ind2=" " tag="310"><subfield code="a">Weekly</subfield></datafield><datafield ind1="0" ind2=" " tag="362"><subfield code="a">-v. 32, whole no. 170 (Mar. 7, 1902).</subfield></datafield><datafield ind1="1" ind2=" " tag="362"><subfield code="a">Began with May 10, 1901 issue.</subfield></datafield><datafield ind1=" " ind2=" " tag="515"><subfield code="a">Issue for Mar. 7, 1902 and Mar. 14, 1902 issue of Leavenworth standard and the chronicle-tribune both numbered v. 32, no. 170.</subfield></datafield><datafield ind1=" " ind2=" " tag="515"><subfield code="a">Numbering is irregular.</subfield></datafield><datafield ind1=" " ind2=" " tag="580"><subfield code="a">Also issued a daily edition called: Evening standard (Leavenworth, Kan. : 1897).</subfield></datafield><datafield ind1=" " ind2=" " tag="588"><subfield code="a">Description based on: Vol. 31, whole no. 1,641 (May 17, 1901).</subfield></datafield><datafield ind1=" " ind2=" " tag="752"><subfield code="a">United States</subfield><subfield code="b">Kansas</subfield><subfield code="c">Leavenworth</subfield><subfield code="d">Leavenworth.</subfield></datafield><datafield ind1="1" ind2=" " tag="775"><subfield code="t">Evening standard (Leavenworth, Kan. : 1897)</subfield><subfield code="w">(DLC)sn 85029324</subfield></datafield><datafield ind1="0" ind2="0" tag="780"><subfield code="t">Leavenworth democratic standard</subfield><subfield code="w">(DLC)sn 85029296</subfield></datafield><datafield ind1="0" ind2="7" tag="785"><subfield code="t">Chronicle-tribune</subfield><subfield code="w">(DLC)sn 85029313</subfield></datafield><datafield ind1="0" ind2="7" tag="785"><subfield code="t">Leavenworth standard and the chronicle-tribune</subfield><subfield code="w">(DLC)sn 85029300</subfield></datafield></record>